@article{alnaes2014,
  title={Unified form language: A domain-specific language for weak formulations of partial differential equations},
  author={Aln{\ae}s, Martin S and Logg, Anders and {\O}lgaard, Kristian B and Rognes, Marie E and Wells, Garth N},
  journal={ACM Transactions on Mathematical Software (TOMS)},
  volume={40},
  number={2},
  pages={1--37},
  year={2014},
  publisher={ACM New York, NY, USA}
}

@article{homolya2018,
  title={TSFC: a structure-preserving form compiler},
  author={Homolya, Mikl{\'o}s and Mitchell, Lawrence and Luporini, Fabio and Ham, David A},
  journal={SIAM Journal on Scientific Computing},
  volume={40},
  number={3},
  pages={C401--C428},
  year={2018},
  publisher={SIAM}
}

@book{logg2012,
  title = {Automated Solution of Differential Equations by the Finite Element Method},
  author = {Anders Logg and Kent-Andre Mardal and Garth N. Wells and others},
  year = {2012},
  publisher = {Springer},
  doi = {10.1007/978-3-642-23099-8},
  isbn = {978-3-642-23098-1},
}

@article{dedner2020,
  title={Extendible and Efficient Python Framework for Solving Evolution Equations with Stabilized Discontinuous Galerkin Method},
  author={Dedner, Andreas and Kl{\"o}fkorn, Robert},
  journal={arXiv preprint arXiv:2009.13416},
  year={2020}
}

@article{rathgeber2017,
	doi = {10.1145/2998441},
	url = {https://doi.org/10.1145%2F2998441},
	year = 2017,
	month = {jan},
	publisher = {Association for Computing Machinery ({ACM})},
	volume = {43},
	number = {3},
	pages = {1--27},
	author = {Florian Rathgeber and David A. Ham and Lawrence Mitchell and Michael Lange and Fabio Luporini and Andrew T. T. Mcrae and Gheorghe-Teodor Bercea and Graham R. Markall and Paul H. J. Kelly},
	title = {Firedrake}
}

@article{mitusch2019,
	doi = {10.21105/joss.01292},
	url = {https://doi.org/10.21105%2Fjoss.01292},
	year = 2019,
	month = {jun},
	publisher = {The Open Journal},
	volume = {4},
	number = {38},
	pages = {1292},
	author = {Sebastian Mitusch and Simon Funke and J{\o}rgen Dokken},
	title = {dolfin-adjoint 2018.1: automated adjoints for {FEniCS} and Firedrake}
}

@article{farrell2013,
	doi = {10.1137/120873558},
	url = {https://doi.org/10.1137%2F120873558},
	year = 2013,
	month = {jan},
	publisher = {Society for Industrial {\&} Applied Mathematics ({SIAM})},
	volume = {35},
	number = {4},
	pages = {C369--C393},
	author = {P. E. Farrell and D. A. Ham and S. W. Funke and M. E. Rognes},
	title = {Automated Derivation of the Adjoint of High-Level Transient Finite Element Programs}
}

@misc{baratta_2023,
  author       = {Baratta, Igor A. and
                  Dean, Joseph P. and
                  Dokken, JÃ¸rgen S. and
                  Habera, Michal and
                  Hale, Jack S. and
                  Richardson, Chris N. and
                  Rognes, Marie E. and
                  Scroggs, Matthew W. and
                  Sime, Nathan and
                  Wells, Garth N.},
  title        = {{DOLFINx: The next generation FEniCS problem 
                   solving environment}},
  month        = dec,
  year         = 2023,
  publisher    = {Zenodo},
  doi          = {10.5281/zenodo.10447666},
  url          = {https://doi.org/10.5281/zenodo.10447666}
}

@inproceedings{bouziani_2023,
  title={Physics-driven machine learning models coupling PyTorch and Firedrake},
  author={Bouziani, Nacime and Ham, David A},
  booktitle={ICLR 2023 Workshop on Physics for Machine Learning},
  year={2023},
  doi = {https://doi.org/10.48550/arXiv.2303.06871}
}

@misc{bouziani_2021,
	title = {Escaping the abstraction: a foreign function interface for the {Unified} {Form} {Language} [{UFL}]},
	shorttitle = {Escaping the abstraction},
	url = {http://arxiv.org/abs/2111.00945},
	urldate = {2022-09-08},
	publisher = {arXiv},
	author = {Bouziani, Nacime and Ham, David A.},
	month = nov,
	year = {2021},
	note = {arXiv:2111.00945 [cs, math]},
	keywords = {Computer Science - Mathematical Software, Mathematics - Numerical Analysis},
}

@article{nixon-hill_2024,
  title={Consistent Point Data Assimilation in Firedrake and Icepack},
  author={Nixon-Hill, Reuben W and Shapero, Daniel and Cotter, Colin J and Ham, David A},
  journal={arXiv preprint arXiv:2304.06058},
  year={2023}
}

@Article{rognes_2013,
AUTHOR = {Rognes, M. E. and Ham, D. A. and Cotter, C. J. and McRae, A. T. T.},
TITLE = {Automating the solution of PDEs on the sphere and other manifolds in   FEniCS 1.2},
JOURNAL = {Geoscientific Model Development},
VOLUME = {6},
YEAR = {2013},
NUMBER = {6},
PAGES = {2099--2119},
URL = {https://gmd.copernicus.org/articles/6/2099/2013/},
DOI = {10.5194/gmd-6-2099-2013}
}